@article{mockus2002two,
  title={Two case studies of open source software development: Apache and Mozilla},
  author={Mockus, Audris and Fielding, Roy T and Herbsleb, James D},
  journal={ACM Transactions on Software Engineering and Methodology (TOSEM)},
  volume={11},
  number={3},
  pages={309--346},
  year={2002},
  publisher={ACM}
}